@article{SobelFeldman1968IsotropicGradient,
	title = {An Isotropic 3x3 Image Gradient Operator},
	author = {Irwin Sobel and Gary Feldman},
	year = {1968},
	note = {Presented at the Stanford Artificial Intelligence Laboratory (SAIL)},
	url = {
	       https://www.researchgate.net/publication/281104656_An_Isotropic_3x3_Image_Gradient_Operator
	       },
}

@article{Le2011,
	author = {Phuc Q. Le and Fangyan Dong and Kaoru Hirota},
	title = {A flexible representation of quantum images for polynomial
	         preparation, image compression, and processing operations},
	journal = {Quantum Information Processing},
	volume = {10},
	number = {1},
	pages = {63--84},
	year = {2011},
	doi = {10.1007/s11128-010-0177-y},
	url = {https://doi.org/10.1007/s11128-010-0177-y},
}

@article{Zhang2013,
	author = {Yi Zhang and Kai Lu and Yinghui Gao and Mo Wang},
	title = {NEQR: a novel enhanced quantum representation of digital images},
	journal = {Quantum Information Processing},
	volume = {12},
	number = {8},
	pages = {2833--2860},
	year = {2013},
	doi = {10.1007/s11128-013-0567-z},
	url = {https://doi.org/10.1007/s11128-013-0567-z},
}

@article{Yao2018,
	author = {Xi-Wei Yao and Hengyan Wang and Zeyang Liao and Ming-Cheng Chen and
	          Jian Pan and Jun Li and Kechao Zhang and Xingcheng Lin and Zhehui
	          Wang and Zhihuang Luo and Wenqiang Zheng and Jianzhong Li and
	          Meisheng Zhao and Xinhua Peng and Dieter Suter},
	title = {Quantum Image Processing and Its Application to Edge Detection:
	         Theory and Experiment},
	journal = {Physical Review X},
	volume = {7},
	number = {3},
	pages = {031041},
	year = {2017},
	doi = {10.1103/PhysRevX.7.031041},
	url = {https://doi.org/10.1103/PhysRevX.7.031041},
}

@article{Zhang2014,
	author = {Yi Zhang and Kai Lu and Yinghui Gao and Mo Wang},
	title = {QSobel: A novel quantum image edge extraction algorithm},
	journal = {Science China Information Sciences},
	volume = {57},
	number = {11},
	pages = {1--9},
	year = {2014},
	doi = {10.1007/s11432-014-5158-9},
	url = {https://doi.org/10.1007/s11432-014-5158-9},
}

